@article{tabibi2002verified,
  title={VERIFIED NULL-MOVE PRUNING},
  author={Tabibi, Omid David and Netanyahu, Nathan S},
  journal={ICGA Journal},
  year={2002}
}

@article{reinefeld1983improvement,
  title={An improvement of the Scout tree-search algorithm},
  author={Reinefeld, Alexander},
  journal={ICCA Journal},
  volume={6},
  number={4},
  pages={4--14},
  year={1983}
}

@article{schaeffer1989history,
  title={The history heuristic and alpha-beta search enhancements in practice},
  author={Schaeffer, Jonathan},
  journal={Pattern Analysis and Machine Intelligence, IEEE Transactions on},
  volume={11},
  number={11},
  pages={1203--1212},
  year={1989},
  publisher={IEEE}
}

@phdthesis{boule2002fpga,
  title={An FPGA Move Generator for the Game of Chess},
  author={Boul{\'e}, Marc},
  year={2002},
  school={Citeseer}
}

@article{shannon1950xxii,
  title={XXII. Programming a computer for playing chess},
  author={Shannon, Claude E},
  journal={The London, Edinburgh, and Dublin Philosophical Magazine and Journal of Science},
  volume={41},
  number={314},
  pages={256--275},
  year={1950},
  publisher={Taylor \& Francis}
}
@inproceedings{bovskovic2005representation,
  title={The representation of chess game},
  author={Bo{\v{s}}kovi{\'c}, Borko and Greiner, Sa{\v{s}}o and Brest, Janez and {\v{Z}}umer, Viljem},
  booktitle={Information Technology Interfaces, 2005. 27th International Conference on},
  pages={359--364},
  year={2005},
  organization={IEEE}
}

@article{laramee2000chess,
  title={Chess programming part vi: Evaluation functions},
  author={Laram{\'e}e, Fran{\c{c}}ois Dominic},
  journal={Retrieved December},
  volume={1},
  pages={2008},
  year={2000}
}

@inproceedings{segundo2006efficient,
  title={Efficient search using bitboard models},
  author={Segundo, Pablo San and Gal{\'a}n, Ramn and Matia, Fernando and Rodriguez-Losada, Diego and Jimenez, Agustin},
  booktitle={Tools with Artificial Intelligence, 2006. ICTAI'06. 18th IEEE International Conference on},
  pages={132--138},
  year={2006},
  organization={IEEE}
}

@article{anthony_2014, title={A new (computer) chess champion is crowned, and the continued demise of human Grandmasters}, url={http://www.extremetech.com/extreme/196554-a-new-computer-chess-champion-is-crowned-and-the-continued-demise-of-human-grandmasters}, journal={extremetech}, author={Anthony, Sebastion}, year={2014}, month={Dec}}

@misc{ bitboards,
  author = {{Bitboards}},
  title = "Bitboards --- The Chess Programming Wiki",
  year = "2012",
  url = "https://chessprogramming.wikispaces.com/Bitboards",
  note = "[Online; accessed 9-May-2016]"
}

@misc{ computerchess,
  author = {{ComputerChess}},
  title = "CCRL 40/40",
  year = "2016",
  url = "http://www.computerchess.org.uk/ccrl/4040/",
  note = "[Online; accessed 10-May-2016]"
}

@misc{ BluefeverSoftware,
  author = {{Bluefever Software}},
  title = "Chess Engine In C",
  year = "2014",
  url = "http://www.computerchess.org.uk/ccrl/4040/",
  note = "[Online; accessed 10-May-2016]"
}
